%% This BibTeX bibliography file was created using BibDesk.
%% http://bibdesk.sourceforge.net/


%% Created for Marvin Rausand at 2014-08-12 10:34:20 +0200


%% Saved with string encoding Unicode (UTF-8)

@article{fan2016,
	Author = {Wenhui Fan and Xiaohong Wang and Lizhi Wang and Zhan Yu},
	Journal = {Advances in Mechanical Engineering},
	Title = {The Application of Hilbert-Huang transform energy spectrum in brushless direct current motor vibration signals monitoring of unmanned aerial vehicle},
	Volume = {8(9)},
	Year = {2016}}

@article{osman2014,
	Author = {Shazali Osman and Wilson Wang},
	Journal = {Journal of Vibration and Control},
	Title = {A normalized Hibert-Huang transform technique for bearing fault detection},
	Volume = {22},
	Year = {2014}}

@article{osman2013a,
		Author = {Shazali Osman and Wilson Wang},
		Journal = {Measurement Science and Technology},
		Title = {An enhanced Hilbert-Huang transform technique for bearing condition monitoring },
		Volume = {22},
		Year = {2013}}


@article{osman2013b,
			Author = {Shazali Osman and Wilson Wang},
			Journal = {Proceedings of the International Conference on Mechanical Engineering and Mechatronics, Toronto, Ontario, Canada},
			Title = {A new HHT technique for bearing health condition monitoring},
			Year = {2013}}

@article{lundteigen08,
	Author = {Lundteigen, Mary Ann and Rausand, Marvin},
	Date-Added = {2011-06-16 13:34:45 +0200},
	Date-Modified = {2011-06-16 13:34:45 +0200},
	Journal = {Reliability Engineering and System Safety},
	Pages = {1208--1217},
	Title = {Spurious activation of safety instrumented systems in the oil and gas industry: Basic concepts and formulas},
	Volume = {6},
	Year = {2008}}



@article{albrecht1986,
	Author = {P.F Albrecht and J.C Appiarius and R.M McCoy and E.L Owen and D.K Sharma},
	Date-Added = {2011-06-16 13:34:45 +0200},
	Date-Modified = {2011-06-16 13:34:45 +0200},
	Journal = {IEEE Transactions on Energy Conversion},
	Pages = {39--46},
	Title = {Assessment of the Reliability of Motors in Utility Applications-Updated},
	Volume = {EC-1},
	Year = {1986}}




@article{huang98,
	Author = {Norden E Huang and Zheng Shen and Steven R. Long and Manli C. Wu and Hsing H. ShiHand Quanan Zheng and Nai-Chyuan Yen and Chi Chao Tung and Henry H. Liu},
	Date-Added = {2011-06-16 13:34:45 +0200},
	Date-Modified = {2011-06-16 13:34:45 +0200},
	Journal = {The royal society},
	Pages = {909--995},
	Title = {The empirical mode decomposition and the Hilbert Huang spectrum for nonlinear and non-stationary time series analysis},
	Volume = {454},
	Year = {1998}}



@article{huang08,
	Author = { Norden E Huang and Zhaohua Wu},
	Date-Added = {2011-06-16 13:34:45 +0200},
	Date-Modified = {2011-06-16 13:34:45 +0200},
	Journal = {Reviews of Geophysics},
	Pages = {1208--1217},
	Title = {A review On Hilbert-Huang Transform: Method And Its Applications To Geophysical study},
	Volume = {46},
	Year = {2008}}


@book{rausand14,
	Address = {Hoboken, NJ},
	Author = {Rausand, Marvin},
	Date-Added = {2014-08-12 08:32:25 +0000},
	Date-Modified = {2014-08-12 08:33:48 +0000},
	Publisher = {Wiley},
	Title = {Reiability of Safety-Critical Systems: Theory and Applications},
	Year = {2014}}

@article{Marcin-et-al-2016,
	Author = {Marcin Andrychowicz, Misha Denil, Sergio Gï¿½mez Colmenarejo, Matthew W. Hoffman, David Pfau, Tom Schaul, Brendan Shillingford, Nando de Freitas
	},
	Date-Added = {2011-06-16 13:34:45 +0200},
	Date-Modified = {2011-06-16 13:34:45 +0200},
	Journal = {30th Conference on Neural Information Processing Systems (NIPS 2016), Barcelona, Spain},
	Pages = {1208--1217},
	Title = {Learning to learn by gradient descent by gradient descent},
	Volume = {93},
	Year = {2016}}

}
@book{Mitchell97,
    title={Machine Learning},
    author={Tom Mitchell},
    publisher={McGraw-Hill,},
    year={1997}
}


@book{albert09,
    title={A First Course in Wavelets with Fourier Analysis},
    author={Bogges, Narcovich},
    publisher={WILEY},
    year={2009}
}

@book{walker2008,
    title={A Primer on Wavelets and Their Scientific Application},
    author={James S. Walker},
    publisher={Chapman & Hall/CRC},
    year={2008}
}



@book{Goodfellow-et-al-2016,
    title={Deep Learning},
    author={Ian Goodfellow and Yoshua Bengio and Aaron Courville},
    publisher={MIT Press},
    note={\url{http://www.deeplearningbook.org}},
    year={2016}
}

@article{Cleveland-et-al-1990,
	Author = {Robert B. Cleveland and William S. Cleveland and Jean E. McRae and Irma Terpenning},
	Date-Added = {2011-06-16 13:34:45 +0200},
	Date-Modified = {2011-06-16 13:34:45 +0200},
	Journal = {Journal of Official Statistics},
	Pages = {3--73},
	Title = {STL: A Seasonal-Trend Decomposition Procedure Based on Loess},
	Volume = {6},
	Year = {1990}}


@article{Cleveland-et-al-1988,
	Author = {William S. Cleveland and Susan J. Develin},
	Date-Added = {2011-06-16 13:34:45 +0300},
	Date-Modified = {2011-06-16 13:34:45 +0300},
	Journal = {Journal of the American Statistical Association},
	Pages = {596--610},
	Title = {Locally Weighted Regression: An Approach to Regression Analysis by Local Fitting},
	Volume = {83},
	Year = {1988}}



@article{Cleveland-1979,
	Author = {William S. Cleveland},
	Date-Added = {2011-06-16 13:34:45 +0300},
	Date-Modified = {2011-06-16 13:34:45 +0300},
	Journal = {Journal of the American Statistical Association},
	Pages = {829--836},
	Title = {Robust Locally Weighted Regression and Smoothing Scatterplots},
	Volume = {74},
	Year = {1979}}


@article{vapnik1995,
	Author = {Vadimir Vapnik and Corina Cortes}
	Date-Added = {2011-06-16 13:34:45 +0300},
	Date-Modified = {2011-06-16 13:34:45 +0300},
	Journal = {Machine learning},
	Pages = {273--297},
	Title = {Support-Vector Networks},
	Volume = {20},
	Year = {1995}}
