


@article{albrecht1986,
	Author = {P.F Albrecht and J.C Appiarius and R.M McCoy and E.L Owen and D.K Sharma},
	Journal = {IEEE Transactions on Energy Conversion},
	Pages = {39--46},
	Title = {Assessment of the Reliability of Motors in Utility Applications-Updated},
	Volume = {EC-1},
	Year = {1986}
	}
